<collection xmlns="http://www.loc.gov/MARC21/slim">
<record>
  <leader>00479nam0a22000851i 450 </leader>
  <controlfield tag="001">IT\ICCU\CNCE\065506</controlfield>
  <controlfield tag="005">20060804000000.0</controlfield>
  <datafield tag="100" ind1=" " ind2=" ">
    <subfield code="a">20060726             0itac0103    ba</subfield>
  </datafield>
  <datafield tag="200" ind1="1" ind2=" ">
    <subfield code="a">Chronicon Carionis expositum et auctum multis et veteribus et recentibus historiis, in descriptionibus regnorum et gentium antiquarum, &amp; narrationum rerum ecclesiasticarum, &amp; politicarum, Graecarum, Romanarum, germanicarum &amp; aliarum, ab exordio mundi vsque ad Carolum quintum imperatorem</subfield>
  </datafield>
  <datafield tag="801" ind1=" " ind2="3">
    <subfield code="a">IT</subfield>
    <subfield code="b">ICCU</subfield>
    <subfield code="c">20201115</subfield>
  </datafield>
</record>
</collection>
